@article{acquisti2005privacy,
  title={Privacy and rationality in individual decision making},
  author={Acquisti, Alessandro and Grossklags, Jens},
  journal={IEEE Security \& Privacy},
  volume={3},
  number={1},
  pages={26--33},
  year={2005},
  publisher={IEEE}
}

@article{akerlof1970market,
  title={The market for" lemons": Quality uncertainty and the market mechanism},
  author={Akerlof, George A},
  journal={The quarterly journal of economics},
  pages={488--500},
  year={1970},
  publisher={JSTOR}
}

@article{anderson2006economics,
  title={The economics of information security},
  author={Anderson, Ross and Moore, Tyler},
  journal={Science},
  volume={314},
  number={5799},
  pages={610--613},
  year={2006},
  publisher={American Association for the Advancement of Science}
}

@article{cederman2005computational,
  title={Computational models of social forms: Advancing generative process theory},
  author={Cederman, Lars-Erik},
  journal={American Journal of Sociology},
  volume={110},
  number={4},
  pages={864--893},
  year={2005},
  publisher={The University of Chicago Press}
}

@article{criado2015implicit,
  title={Implicit contextual integrity in online social networks},
  author={Criado, Natalia and Such, Jose M},
  journal={Information Sciences},
  volume={325},
  pages={48--69},
  year={2015},
  publisher={Elsevier}
}

@inproceedings{dey1999context,
  title={A context-based infrastructure for smart environments},
  author={Dey, Anind K and Abowd, Gregory D and Salber, Daniel},
  booktitle={Proceedings of the 1st International Workshop on Managing Interactions in Smart Environments},
  pages={114--128},
  year={1999}
}

@article{dourish2004we,
  title={What we talk about when we talk about context},
  author={Dourish, Paul},
  journal={Personal and ubiquitous computing},
  volume={8},
  number={1},
  pages={19--30},
  year={2004},
  publisher={Springer-Verlag}
}

@book{epstein2006generative,
  title={Generative social science: Studies in agent-based computational modeling},
  author={Epstein, Joshua M},
  year={2006},
  publisher={Princeton University Press}
}

@article{herrmann2016privacy,
  title={Privacy in Location-Based Services: An Interdisciplinary Approach},
  author={Herrmann, Michael and Hildebrandt, Mireille and Tielemans, Laura and Diaz, Claudia},
  journal={SCRIPTed},
  volume={13},
  pages={144},
  year={2016},
  publisher={HeinOnline}
}

@article{hildebrandt2013slaves,
  title={Slaves to big data. Or are we?},
  author={Hildebrandt, Mireille},
  year={2013},
  booktitle={9th annual conference on internet, Law & Politics (IDP 2013, Barcelona)},
}

@book{hurwicz2006designing,
  title={Designing economic mechanisms},
  author={Hurwicz, Leonid and Reiter, Stanley},
  year={2006},
  publisher={Cambridge University Press}
}

@inproceedings{littman1994markov,
  title={Markov games as a framework for multi-agent reinforcement learning},
  author={Littman, Michael L},
  booktitle={Proceedings of the eleventh international conference on machine learning},
  volume={157},
  pages={157--163},
  year={1994}
}

@inproceedings{mcsherry2007mechanism,
  title={Mechanism design via differential privacy},
  author={McSherry, Frank and Talwar, Kunal},
  booktitle={Foundations of Computer Science, 2007. FOCS'07. 48th Annual IEEE Symposium on},
  pages={94--103},
  year={2007},
  organization={IEEE}
}

@book{miller2009complex,
  title={Complex adaptive systems: An introduction to computational models of social life},
  author={Miller, John H and Page, Scott E},
  year={2009},
  publisher={Princeton university press}
}

@book{nissenbaum2009privacy,
  title={Privacy in context: Technology, policy, and the integrity of social life},
  author={Nissenbaum, Helen},
  year={2009},
  publisher={Stanford University Press}
}

@article{nissenbaum2011contextual,
  title={A contextual approach to privacy online},
  author={Nissenbaum, Helen},
  journal={Daedalus},
  volume={140},
  number={4},
  pages={32--48},
  year={2011},
  publisher={MIT Press}
}

@inproceedings{ng2000algorithms,
  title={Algorithms for inverse reinforcement learning.},
  author={Ng, Andrew Y and Russell, Stuart J and others},
  booktitle={Icml},
  pages={663--670},
  year={2000}
}


@misc{neumann1944theory,
  title={Theory of games and economic behavior},
  author={Neumann, J von and Morgenstern, Oskar and others},
  year={1944},
  publisher={Princeton university press Princeton}
}

@article{nisan2007introduction,
  title={Introduction to mechanism design (for computer scientists)},
  author={Nisan, Noam and others},
  journal={Algorithmic game theory},
  volume={9},
  pages={209--242},
  year={2007}
}

@article{posner1981economics,
  title={The economics of privacy},
  author={Posner, Richard A},
  journal={The American economic review},
  volume={71},
  number={2},
  pages={405--409},
  year={1981},
  publisher={JSTOR}
}


@article{rosenblueth1943behavior,
  title={Behavior, purpose and teleology},
  author={Rosenblueth, Arturo and Wiener, Norbert and Bigelow, Julian},
  journal={Philosophy of science},
  volume={10},
  number={1},
  pages={18--24},
  year={1943},
  publisher={Williams and Wilkins Co.}
}

@article{sawyer2001emergence,
  title={Emergence in sociology: Contemporary philosophy of mind and some implications for sociological theory},
  author={Sawyer, R Keith},
  journal={American Journal of Sociology},
  volume={107},
  number={3},
  pages={551--585},
  year={2001},
  publisher={The University of Chicago Press}
}

@inproceedings{tschantz2012formalizing,
  title={Formalizing and enforcing purpose restrictions in privacy policies},
  author={Tschantz, Michael Carl and Datta, Anupam and Wing, Jeannette M},
  booktitle={Security and Privacy (SP), 2012 IEEE Symposium on},
  pages={176--190},
  year={2012},
  organization={IEEE}
}

@incollection{tumer2004survey,
  title={A survey of collectives},
  author={Tumer, Kagan and Wolpert, David},
  booktitle={Collectives and the design of complex systems},
  pages={1--42},
  year={2004},
  publisher={Springer}
}

@article{watts2017should,
  title={Should social science be more solution-oriented?},
  author={Watts, Duncan J},
  journal={Nature Human Behaviour},
  volume={1},
  pages={0015},
  year={2017},
  publisher={Nature Publishing Group}
}

@article{wolpert2001optimal,
  title={Optimal payoff functions for members of collectives},
  author={Wolpert, David H and Tumer, Kagan},
  journal={Advances in Complex Systems},
  volume={4},
  number={02n03},
  pages={265--279},
  year={2001},
  publisher={World Scientific}
}

@article{acquisti2005privacy,
  title={Privacy and rationality in individual decision making},
  author={Acquisti, Alessandro and Grossklags, Jens},
  journal={IEEE Security \& Privacy},
  volume={3},
  number={1},
  pages={26--33},
  year={2005},
  publisher={IEEE}
}

@article{akerlof1970market,
  title={The market for "lemons": Quality uncertainty and the market mechanism},
  author={Akerlof, George A},
  journal={The quarterly journal of economics},
  pages={488--500},
  year={1970},
  publisher={JSTOR}
}

@article{anderson2006economics,
  title={The economics of information security},
  author={Anderson, Ross and Moore, Tyler},
  journal={Science},
  volume={314},
  number={5799},
  pages={610--613},
  year={2006},
  publisher={American Association for the Advancement of Science}
}

@article{cederman2005computational,
  title={Computational models of social forms: Advancing generative process theory},
  author={Cederman, Lars-Erik},
  journal={American Journal of Sociology},
  volume={110},
  number={4},
  pages={864--893},
  year={2005},
  publisher={The University of Chicago Press}
}

@article{criado2015implicit,
  title={Implicit contextual integrity in online social networks},
  author={Criado, Natalia and Such, Jose M},
  journal={Information Sciences},
  volume={325},
  pages={48--69},
  year={2015},
  publisher={Elsevier}
}

@inproceedings{dey1999context,
  title={A context-based infrastructure for smart environments},
  author={Dey, Anind K and Abowd, Gregory D and Salber, Daniel},
  booktitle={Proceedings of the 1st International Workshop on Managing Interactions in Smart Environments},
  pages={114--128},
  year={1999}
}

@article{dourish2004we,
  title={What we talk about when we talk about context},
  author={Dourish, Paul},
  journal={Personal and ubiquitous computing},
  volume={8},
  number={1},
  pages={19--30},
  year={2004},
  publisher={Springer-Verlag}
}

@book{epstein2006generative,
  title={Generative social science: Studies in agent-based computational modeling},
  author={Epstein, Joshua M},
  year={2006},
  publisher={Princeton University Press}
}

@article{herrmann2016privacy,
  title={Privacy in Location-Based Services: An Interdisciplinary Approach},
  author={Herrmann, Michael and Hildebrandt, Mireille and Tielemans, Laura and Diaz, Claudia},
  journal={SCRIPTed},
  volume={13},
  pages={144},
  year={2016},
  publisher={HeinOnline}
}

@article{hildebrandt2013slaves,
  title={Slaves to big data. Or are we?},
  author={Hildebrandt, Mireille},
  year={2013},
  booktitle={9th annual conference on internet, Law & Politics (IDP 2013, Barcelona)},
}

@book{hurwicz2006designing,
  title={Designing economic mechanisms},
  author={Hurwicz, Leonid and Reiter, Stanley},
  year={2006},
  publisher={Cambridge University Press}
}

@inproceedings{littman1994markov,
  title={Markov games as a framework for multi-agent reinforcement learning},
  author={Littman, Michael L},
  booktitle={Proceedings of the eleventh international conference on machine learning},
  volume={157},
  pages={157--163},
  year={1994}
}

@inproceedings{mcsherry2007mechanism,
  title={Mechanism design via differential privacy},
  author={McSherry, Frank and Talwar, Kunal},
  booktitle={Foundations of Computer Science, 2007. FOCS'07. 48th Annual IEEE Symposium on},
  pages={94--103},
  year={2007},
  organization={IEEE}
}

@book{miller2009complex,
  title={Complex adaptive systems: An introduction to computational models of social life},
  author={Miller, John H and Page, Scott E},
  year={2009},
  publisher={Princeton university press}
}

@article{nissenbaum2004privacy,
  title={Privacy as contextual integrity},
  author={Nissenbaum, Helen},
  journal={Wash. L. Rev.},
  volume={79},
  pages={119},
  year={2004},
  publisher={HeinOnline}
}

@book{nissenbaum2009privacy,
  title={Privacy in context: Technology, policy, and the integrity of social life},
  author={Nissenbaum, Helen},
  year={2009},
  publisher={Stanford University Press}
}

@article{nissenbaum2011contextual,
  title={A contextual approach to privacy online},
  author={Nissenbaum, Helen},
  journal={Daedalus},
  volume={140},
  number={4},
  pages={32--48},
  year={2011},
  publisher={MIT Press}
}

@inproceedings{ng2000algorithms,
  title={Algorithms for inverse reinforcement learning.},
  author={Ng, Andrew Y and Russell, Stuart J and others},
  booktitle={Icml},
  pages={663--670},
  year={2000}
}


@misc{neumann1944theory,
  title={Theory of games and economic behavior},
  author={Neumann, J von and Morgenstern, Oskar and others},
  year={1944},
  publisher={Princeton university press Princeton}
}

@article{nisan2007introduction,
  title={Introduction to mechanism design (for computer scientists)},
  author={Nisan, Noam and others},
  journal={Algorithmic game theory},
  volume={9},
  pages={209--242},
  year={2007}
}

@article{posner1981economics,
  title={The economics of privacy},
  author={Posner, Richard A},
  journal={The American economic review},
  volume={71},
  number={2},
  pages={405--409},
  year={1981},
  publisher={JSTOR}
}


@article{rosenblueth1943behavior,
  title={Behavior, purpose and teleology},
  author={Rosenblueth, Arturo and Wiener, Norbert and Bigelow, Julian},
  journal={Philosophy of science},
  volume={10},
  number={1},
  pages={18--24},
  year={1943},
  publisher={Williams and Wilkins Co.}
}

@article{sawyer2001emergence,
  title={Emergence in sociology: Contemporary philosophy of mind and some implications for sociological theory},
  author={Sawyer, R Keith},
  journal={American Journal of Sociology},
  volume={107},
  number={3},
  pages={551--585},
  year={2001},
  publisher={The University of Chicago Press}
}

@inproceedings{tschantz2012formalizing,
  title={Formalizing and enforcing purpose restrictions in privacy policies},
  author={Tschantz, Michael Carl and Datta, Anupam and Wing, Jeannette M},
  booktitle={Security and Privacy (SP), 2012 IEEE Symposium on},
  pages={176--190},
  year={2012},
  organization={IEEE}
}

@incollection{tumer2004survey,
  title={A survey of collectives},
  author={Tumer, Kagan and Wolpert, David},
  booktitle={Collectives and the design of complex systems},
  pages={1--42},
  year={2004},
  publisher={Springer}
}

@article{watts2017should,
  title={Should social science be more solution-oriented?},
  author={Watts, Duncan J},
  journal={Nature Human Behaviour},
  volume={1},
  pages={0015},
  year={2017},
  publisher={Nature Publishing Group}
}

@article{wolpert2001optimal,
  title={Optimal payoff functions for members of collectives},
  author={Wolpert, David H and Tumer, Kagan},
  journal={Advances in Complex Systems},
  volume={4},
  number={02n03},
  pages={265--279},
  year={2001},
  publisher={World Scientific}
}

@inproceedings{ackerman1999privacy,
  title={Privacy in e-commerce: examining user scenarios and privacy preferences},
  author={Ackerman, Mark S and Cranor, Lorrie Faith and Reagle, Joseph},
  booktitle={Proceedings of the 1st ACM conference on Electronic commerce},
  pages={1--8},
  year={1999},
  organization={ACM}
}

@article{berendt2005privacy,
  title={Privacy in e-commerce: stated preferences vs. actual behavior},
  author={Berendt, Bettina and G{\"u}nther, Oliver and Spiekermann, Sarah},
  journal={Communications of the ACM},
  volume={48},
  number={4},
  pages={101--106},
  year={2005},
  publisher={ACM}
}

@article{sheehan2002toward,
  title={Toward a typology of Internet users and online privacy concerns},
  author={Sheehan, Kim Bartel},
  journal={The Information Society},
  volume={18},
  number={1},
  pages={21--32},
  year={2002},
  publisher={Taylor \& Francis}
}

@article{marwick2011tweet,
  title={I tweet honestly, I tweet passionately: Twitter users, context collapse, and the imagined audience},
  author={Marwick, Alice E and Boyd, Danah},
  journal={New media \& society},
  volume={13},
  number={1},
  pages={114--133},
  year={2011},
  publisher={SAGE Publications Sage UK: London, England}
}

@article{davis2014context,
  title={Context collapse: theorizing context collusions and collisions},
  author={Davis, Jenny L and Jurgenson, Nathan},
  journal={Information, Communication \& Society},
  volume={17},
  number={4},
  pages={476--485},
  year={2014},
  publisher={Taylor \& Francis}
}

@article{cofone2017dynamic,
  title={The Dynamic Effect of Information Privacy Law},
  author={Cofone, Ignacio N},
  journal={Minn. JL Sci. \& Tech.},
  volume={18},
  pages={517},
  year={2017},
  publisher={HeinOnline}
}

@article{hoofnagle2014alan,
  title={Alan Westin's privacy homo economicus},
  author={Hoofnagle, Chris Jay and Urban, Jennifer M},
  year={2014}
}

@article{dretske1981knowledge,
  title={Knowledge and the Flow of Information},
  author={Dretske, Fred},
  year={1981}
}

@article{dretske1983epistemology,
  title={The epistemology of belief},
  author={Dretske, Fred I},
  journal={Synthese},
  volume={55},
  number={1},
  pages={3--19},
  year={1983},
  publisher={Springer}
}

@book{shapiro1998information,
  title={Information rules: a strategic guide to the network economy},
  author={Shapiro, Carl and Varian, Hal R},
  year={1998},
  publisher={Harvard Business Press}
}

@article{acquisti2005conditioning,
  title={Conditioning prices on purchase history},
  author={Acquisti, Alessandro and Varian, Hal R},
  journal={Marketing Science},
  volume={24},
  number={3},
  pages={367--381},
  year={2005},
  publisher={INFORMS}
}

@article{armstrong2005potential,
  title={Potential impact of the HIPAA privacy rule on data collection in a registry of patients with acute coronary syndrome},
  author={Armstrong, David and Kline-Rogers, Eva and Jani, Sandeep M and Goldman, Edward B and Fang, Jianming and Mukherjee, Debabrata and Nallamothu, Brahmajee K and Eagle, Kim A},
  journal={Archives of Internal Medicine},
  volume={165},
  number={10},
  pages={1125--1129},
  year={2005},
  publisher={American Medical Association}
}

@article{bowers2001health,
  title={The Health Insurance Portability and Accountability Act: is it really all that bad?},
  author={Bowers, Donna},
  journal={Proceedings (Baylor University. Medical Center)},
  volume={14},
  number={4},
  pages={347},
  year={2001},
  publisher={Baylor Health Care System}
}

@article{houser2007assessing,
  title={Assessing the effects of the HIPAA privacy rule on release of patient information by healthcare facilities},
  author={Houser, Shannon H and Houser, Howard W and Shewchuk, Richard M},
  journal={Perspectives in Health Information Management/AHIMA, American Health Information Management Association},
  volume={4},
  year={2007},
  publisher={American Health Information Management Association}
}

@article{lin2014modeling,
  title={Modeling users’ mobile app privacy preferences: Restoring usability in a sea of permission settings},
  author={Lin, Jialiu and Liu, Bin and Sadeh, Norman and Hong, Jason I},
  year={2014}
}

@article{madden2017inequality,
  author={Madden, Mary},
  title={Privacy, Security, and Digital Inequality},
  year={2017},
  published={Data and Society Institute}
}

@article{martin2016measuring,
  title={Measuring privacy: an empirical test using context to expose confounding variables},
  author={Martin, Kirsten and Nissenbaum, Helen},
  journal={Colum. Sci. \& Tech. L. Rev.},
  volume={18},
  pages={176},
  year={2016},
  publisher={HeinOnline}
}

@article{ness2007influence,
  title={Influence of the HIPAA privacy rule on health research},
  author={Ness, Roberta B and Joint Policy Committee and others},
  journal={Jama},
  volume={298},
  number={18},
  pages={2164--2170},
  year={2007},
  publisher={American Medical Association}
}

@article{strandburg2013free,
  title={Free fall: The online market's consumer preference disconnect},
  author={Strandburg, Katherine J},
  year={2013}
}

@article{urban2014privacy,
  title={The privacy pragmatic as privacy vulnerable},
  author={Urban, Jennifer M and Hoofnagle, Chris Jay},
  year={2014}
}

@techreport{wathieu2009empirical,
  title={An empirical approach to understanding privacy concerns},
  author={Wathieu, Luc and Friedman, Allan},
  year={2009},
  institution={ESMT Working Paper}
}

@article{acquisti2013privacy,
  title={What is privacy worth?},
  author={Acquisti, Alessandro and John, Leslie K and Loewenstein, George},
  journal={The Journal of Legal Studies},
  volume={42},
  number={2},
  pages={249--274},
  year={2013},
  publisher={University of Chicago Press Chicago, IL}
}

@article{laudon1996markets,
  title={Markets and privacy},
  author={Laudon, Kenneth C},
  journal={Communications of the ACM},
  volume={39},
  number={9},
  pages={92--104},
  year={1996},
  publisher={ACM}
}

@article{calo2011boundaries,
  title={The boundaries of privacy harm},
  author={Calo, Ryan},
  journal={Ind. LJ},
  volume={86},
  pages={1131},
  year={2011},
  publisher={HeinOnline}
}

@article{laudon1997extensions,
  title={Extensions to the theory of markets and privacy: Mechanics of pricing information},
  author={Laudon, Kenneth},
  year={1997},
  publisher={Stern School of Business, New York University}
}

@article{stigler1980introduction,
  title={An introduction to privacy in economics and politics},
  author={Stigler, George J},
  journal={The Journal of Legal Studies},
  volume={9},
  number={4},
  pages={623--644},
  year={1980},
  publisher={The University of Chicago Law School}
}

@article{murphy1995property,
  title={Property rights in personal information: An economic defense of privacy},
  author={Murphy, Richard S},
  journal={Geo. LJ},
  volume={84},
  pages={2381},
  year={1995},
  publisher={HeinOnline}
}

@article{samuelson2000privacy,
  title={Privacy as intellectual property?},
  author={Samuelson, Pamela},
  journal={Stanford Law Review},
  pages={1125--1173},
  year={2000},
  publisher={JSTOR}
}

@article{hoofnagle2009internalizing,
  title={Internalizing Identity Theft},
  author={Hoofnagle, Chris Jay},
  year={2009}
}


@article{richards2007privacy,
  title={Privacy's other path: recovering the law of confidentiality},
  author={Richards, Neil M and Solove, Daniel J},
  journal={Geo. LJ},
  volume={96},
  pages={123},
  year={2007},
  publisher={HeinOnline}
}

@article{allen1990positive,
  title={A Positive Theory of the Attorney-Client Privilege and the Work Product Doctrine},
  author={Allen, Ronald J and Grady, Mark F and Polsby, Daniel D and Yashko, Michael S},
  journal={The Journal of Legal Studies},
  volume={19},
  number={2},
  pages={359--397},
  year={1990},
  publisher={The University of Chicago Law School}
}

@article{hazard1978historical,
  title={An Historical Perspective on the Attorney-Client Privilege},
  author={Hazard Jr, Geoffrey C},
  journal={California Law Review},
  pages={1061--1091},
  year={1978},
  publisher={JSTOR}
}

@article{koller2003multi,
  title={Multi-agent influence diagrams for representing and solving games},
  author={Koller, Daphne and Milch, Brian},
  journal={Games and economic behavior},
  volume={45},
  number={1},
  pages={181--221},
  year={2003},
  publisher={Elsevier}
}

@article{acquisti2015privacy,
  title={Privacy and human behavior in the age of information},
  author={Acquisti, Alessandro and Brandimarte, Laura and Loewenstein, George},
  journal={Science},
  volume={347},
  number={6221},
  pages={509--514},
  year={2015},
  publisher={American Association for the Advancement of Science}
}

@article{conitzer2012hide,
  title={Hide and seek: Costly consumer privacy in a market with repeat purchases},
  author={Conitzer, Vincent and Taylor, Curtis R and Wagman, Liad},
  journal={Marketing Science},
  volume={31},
  number={2},
  pages={277--292},
  year={2012},
  publisher={INFORMS}
}

@article{hoofnagle2012behavioral,
  title={Behavioral advertising: the offer you cannot refuse},
  author={Hoofnagle, Chris Jay and Soltani, Ashkan and Good, Nathan and Wambach, Dietrich James and Ayenson, Mika D},
  year={2012}
}

@article{kim2015screening,
  title={Screening incentives and privacy protection in financial markets: a theoretical and empirical analysis},
  author={Kim, Jin-Hyuk and Wagman, Liad},
  journal={The RAND Journal of Economics},
  volume={46},
  number={1},
  pages={1--22},
  year={2015},
  publisher={Wiley Online Library}
}

@article{acquisti2016economics,
  title={The economics of privacy},
  author={Acquisti, Alessandro and Taylor, Curtis R and Wagman, Liad},
  year={2016}
}

@techreport{goldfarb2017digital,
  title={Digital economics},
  author={Goldfarb, Avi and Tucker, Catherine},
  year={2017},
  institution={National Bureau of Economic Research}
}

@article{varian2001economics,
  title={Economics of information technology},
  author={Varian, Hal R},
  journal={University of California, Berkeley},
  year={2001}
}

@article{rill1991us,
  title={US Department of Justice and Federal Trade Commission horizontal merger guidelines of 1992},
  author={Rill, James F and Steiger, Janet D and Owen, Deborah K and Starek III, Roscoe B},
  journal={Antitrust L. \& Econ. Rev.},
  volume={23},
  pages={49},
  year={1991},
  publisher={HeinOnline}
}

@inproceedings{anderson2001information,
  title={Why information security is hard-an economic perspective},
  author={Anderson, Ross},
  booktitle={Computer security applications conference, 2001. acsac 2001. proceedings 17th annual},
  pages={358--365},
  year={2001},
  organization={IEEE}
}

@inproceedings{grossklags2008secure,
  title={Secure or insure?: a game-theoretic analysis of information security games},
  author={Grossklags, Jens and Christin, Nicolas and Chuang, John},
  booktitle={Proceedings of the 17th international conference on World Wide Web},
  pages={209--218},
  year={2008},
  organization={ACM}
}

@inproceedings{shvartzshnaider2016learning,
  title={Learning privacy expectations by crowdsourcing contextual informational norms},
  author={Shvartzshnaider, Yan and Tong, Schrasing and Wies, Thomas and Kift, Paula and Nissenbaum, Helen and Subramanian, Lakshminarayanan and Mittal, Prateek},
  booktitle={Proceedings of the 4th AAAI Conference on Human Computation and Crowdsourcing (HCOMP'16)},
  year={2016}
}

@article{solove2005taxonomy,
  title={A taxonomy of privacy},
  author={Solove, Daniel J},
  journal={U. Pa. L. Rev.},
  volume={154},
  pages={477},
  year={2005},
  publisher={HeinOnline}
}

@article{mulligan2016privacy,
  title={Privacy is an essentially contested concept: a multi-dimensional analytic for mapping privacy},
  author={Mulligan, Deirdre K and Koopman, Colin and Doty, Nick},
  journal={Phil. Trans. R. Soc. A},
  volume={374},
  number={2083},
  pages={20160118},
  year={2016},
  publisher={The Royal Society}
}

@article{ohm2014sensitive,
  title={Sensitive information},
  author={Ohm, Paul},
  journal={S. Cal. L. Rev.},
  volume={88},
  pages={1125},
  year={2014},
  publisher={HeinOnline}
}

@article{nunberg1996farewell,
  title={Farewell to the information age},
  author={Nunberg, Geoffrey},
  journal={The future of the book},
  pages={103--138},
  year={1996},
  publisher={University of California Press Berkeley, CA}
}

@article{shannon1948mathematical,
  title={A mathematical theory of communication},
  author={Shannon, CE},
  journal={The Bell System Technical Journal},
  volume={27},
  number={3},
  pages={379--423},
  year={1948},
  publisher={Alcatel-Lucent}
}

@article{pearl1988probabilistic,
  title={Probabilistic Reasoning in Intelligent Systems: Networks of Plausible Inference},
  author={Pearl, Judea},
  year={1988},
  publisher={Morgan Kaufmann Publishers Inc.}
}


@TechReport{nissenbaum2017origin,
  author =       {Nissenbaum, Helen and Datta, Anupam and Tschantz, Michael and Benthall, Sebastian},
  title =        {The Need for Origin Privacy},
  institution =  {New York University},
  year =         {2017},
  OPTkey =       {},
  OPTtype =      {},
  OPTnumber =    {},
  OPTaddress =   {},
  OPTmonth =     {},
  OPTnote =      {},
  OPTannote =    {}
}

@article{datta2015automated,
  title={Automated experiments on ad privacy settings},
  author={Datta, Amit and Tschantz, Michael Carl and Datta, Anupam},
  journal={Proceedings on Privacy Enhancing Technologies},
  volume={2015},
  number={1},
  pages={92--112},
  year={2015}
}

@misc{sen_2017,
 title={The 'Big Five' Could Destroy the Tech Ecosystem}, url={https://www.bloomberg.com/view/articles/2017-11-15/the-big-five-could-destroy-the-tech-ecosystem},
 journal={Bloomberg.com},
 publisher={Bloomberg},
 author={Sen, Conor},
 year={2017},
 month={Nov}}

@misc{oreilly_2017,
 title={The Race Is On to Challenge Google-Facebook 'Duopoly' in Digital Advertising},
 url={https://www.wsj.com/articles/the-race-is-on-to-challenge-google-facebook-duopoly-in-digital-advertising-1497864602},
 journal={The Wall Street Journal},
 publisher={Dow Jones & Company},
 author={O'Reilly, Lara},
 year={2017},
 month={Jun}}

@article{hildebrandt2013slaves,
  title={Slaves to big data. Or are we?},
  author={Hildebrandt, Mireille},
  year={2013},
  booktitle={9th annual conference on internet, Law & Politics (IDP 2013, Barcelona)},
}

@article{post2017data,
  title={Data Privacy and Dignitary Privacy: Google Spain, the Right to Be Forgotten, and the Construction of the Public Sphere},
  author={Post, Robert},
  year={2017}
}

@article{benthall2017contextual,
  title={Contextual Integrity through the Lens of Computer Science},
  author={Benthall, Sebastian and G{\"u}rses, Seda and Nissenbaum, Helen and others},
  journal={Foundations and Trends{\textregistered} in Privacy and Security},
  volume={2},
  number={1},
  pages={1--69},
  year={2017},
  publisher={Now Publishers, Inc.}
}

@TechReport{benthall2017origin,
  author =       {Benthall, Sebastian and Datta, Anupam and Tschantz, Michael},
  title =        {Origin Privacy: Causality and Data Protection},
  year =         {2018},
  OPTkey =       {},
  OPTtype =      {},
  OPTnumber =    {},
  OPTaddress =   {},
  OPTmonth =     {},
  OPTnote =      {},
  OPTannote =    {}
}

@misc{cb_insights_research_2018,
title={Facebook Patents Tech To Bucket Users Into Different Social Classes},
url={https://www.cbinsights.com/research/facebook-patent-socioeconomic-detection/9375681},
journal={CB Insights Research},
year={2018},
month={Feb}}

@article{benthall2017contextual,
  title={Contextual Integrity through the Lens of Computer Science},
  author={Benthall, Sebastian and G{\"u}rses, Seda and Nissenbaum, Helen and others},
  journal={Foundations and Trends{\textregistered} in Privacy and Security},
  volume={2},
  number={1},
  pages={1--69},
  year={2017},
  publisher={Now Publishers, Inc.}
}


@article{koller2003multi,
  title={Multi-agent influence diagrams for representing and solving games},
  author={Koller, Daphne and Milch, Brian},
  journal={Games and economic behavior},
  volume={45},
  number={1},
  pages={181--221},
  year={2003},
  publisher={Elsevier}
}


@book{flanagan2014values,
  title={Values at play in digital games},
  author={Flanagan, Mary and Nissenbaum, Helen},
  year={2014},
  publisher={MIT Press}
}

@article{hellman2017indirect,
  title={Indirect Discrimination and the Duty to Avoid Compounding Injustice},
  author={Hellman, Deborah},
  year={2017}
}

@inproceedings{schaub2015design,
  title={A design space for effective privacy notices},
  author={Schaub, Florian and Balebako, Rebecca and Durity, Adam L and Cranor, Lorrie Faith},
  booktitle={Eleventh Symposium On Usable Privacy and Security (SOUPS 2015)},
  pages={1--17},
  year={2015}
}

@inproceedings{barocas2009notice,
  title={On notice: The trouble with notice and choice},
  author={Barocas, Solon and Nissenbaum, Helen},
  booktitle={First International Forum on the Application of and Management of Personal Electronic Information},
  year={2009}
}

@article{lipman2015online,
  title={Online Privacy and the Invisible Market for Our Data},
  author={Lipman, Rebecca},
  journal={Penn St. L. Rev.},
  volume={120},
  pages={777},
  year={2015},
  publisher={HeinOnline}
}

@article{reidenberg2015privacy,
  title={Privacy harms and the effectiveness of the notice and choice framework},
  author={Reidenberg, Joel R and Russell, N Cameron and Callen, Alexander J and Qasir, Sophia and Norton, Thomas B},
  journal={ISJLP},
  volume={11},
  pages={485},
  year={2015},
  publisher={HeinOnline}
}

@misc{hine_2015, title={Mergers and privacy promises}, url={https://www.ftc.gov/news-events/blogs/business-blog/2015/03/mergers-privacy-promises}, publisher={Federal Trade Commission}, author={Hine, Jamie}, year={2015}, month={Mar}}