
@InProceedings{	  ackerman1999privacy,
  title		= {Privacy in e-commerce: examining user scenarios and
		  privacy preferences},
  author	= {Ackerman, Mark S and Cranor, Lorrie Faith and Reagle,
		  Joseph},
  booktitle	= {Proceedings of the 1st ACM conference on Electronic
		  commerce},
  pages		= {1--8},
  year		= {1999},
  organization	= {ACM}
}

@Article{	  ackerman2001privacy,
  title		= {Privacy in context},
  author	= {Ackerman, Mark and Darrell, Trevor and Weitzner, Daniel
		  J},
  journal	= {Human--Computer Interaction},
  volume	= {16},
  number	= {2-4},
  pages		= {167--176},
  year		= {2001},
  publisher	= {Taylor \& Francis}
}

@Article{	  acquisti2005conditioning,
  title		= {Conditioning prices on purchase history},
  author	= {Acquisti, Alessandro and Varian, Hal R},
  journal	= {Marketing Science},
  volume	= {24},
  number	= {3},
  pages		= {367--381},
  year		= {2005},
  publisher	= {INFORMS}
}

@Article{	  acquisti2005privacy,
  title		= {Privacy and rationality in individual decision making},
  author	= {Acquisti, Alessandro and Grossklags, Jens},
  journal	= {IEEE Security \& Privacy},
  volume	= {3},
  number	= {1},
  pages		= {26--33},
  year		= {2005},
  publisher	= {IEEE}
}

@Article{	  acquisti2005privacy,
  title		= {Privacy and rationality in individual decision making},
  author	= {Acquisti, Alessandro and Grossklags, Jens},
  journal	= {IEEE Security \& Privacy},
  volume	= {3},
  number	= {1},
  pages		= {26--33},
  year		= {2005},
  publisher	= {IEEE}
}

@Article{	  acquisti2013privacy,
  title		= {What is privacy worth?},
  author	= {Acquisti, Alessandro and John, Leslie K and Loewenstein,
		  George},
  journal	= {The Journal of Legal Studies},
  volume	= {42},
  number	= {2},
  pages		= {249--274},
  year		= {2013},
  publisher	= {University of Chicago Press Chicago, IL}
}

@Article{	  acquisti2015privacy,
  title		= {Privacy and human behavior in the age of information},
  author	= {Acquisti, Alessandro and Brandimarte, Laura and
		  Loewenstein, George},
  journal	= {Science},
  volume	= {347},
  number	= {6221},
  pages		= {509--514},
  year		= {2015},
  publisher	= {American Association for the Advancement of Science}
}

@Article{	  acquisti2016economics,
  title		= {The economics of privacy},
  author	= {Acquisti, Alessandro and Taylor, Curtis R and Wagman,
		  Liad},
  year		= {2016}
}

@Article{	  akerlof1970market,
  title		= {The market for" lemons": Quality uncertainty and the
		  market mechanism},
  author	= {Akerlof, George A},
  journal	= {The quarterly journal of economics},
  pages		= {488--500},
  year		= {1970},
  publisher	= {JSTOR}
}

@Article{	  akerlof1970market,
  title		= {The market for "lemons": Quality uncertainty and the
		  market mechanism},
  author	= {Akerlof, George A},
  journal	= {The quarterly journal of economics},
  pages		= {488--500},
  year		= {1970},
  publisher	= {JSTOR}
}

@Article{	  allen1990positive,
  title		= {A Positive Theory of the Attorney-Client Privilege and the
		  Work Product Doctrine},
  author	= {Allen, Ronald J and Grady, Mark F and Polsby, Daniel D and
		  Yashko, Michael S},
  journal	= {The Journal of Legal Studies},
  volume	= {19},
  number	= {2},
  pages		= {359--397},
  year		= {1990},
  publisher	= {The University of Chicago Law School}
}

@InProceedings{	  anderson2001information,
  title		= {Why information security is hard-an economic perspective},
  author	= {Anderson, Ross},
  booktitle	= {Computer security applications conference, 2001. acsac
		  2001. proceedings 17th annual},
  pages		= {358--365},
  year		= {2001},
  organization	= {IEEE}
}

@Article{	  anderson2006economics,
  title		= {The economics of information security},
  author	= {Anderson, Ross and Moore, Tyler},
  journal	= {Science},
  volume	= {314},
  number	= {5799},
  pages		= {610--613},
  year		= {2006},
  publisher	= {American Association for the Advancement of Science}
}

@Article{	  anderson2006economics,
  title		= {The economics of information security},
  author	= {Anderson, Ross and Moore, Tyler},
  journal	= {Science},
  volume	= {314},
  number	= {5799},
  pages		= {610--613},
  year		= {2006},
  publisher	= {American Association for the Advancement of Science}
}

@Article{	  armstrong2005potential,
  title		= {Potential impact of the HIPAA privacy rule on data
		  collection in a registry of patients with acute coronary
		  syndrome},
  author	= {Armstrong, David and Kline-Rogers, Eva and Jani, Sandeep M
		  and Goldman, Edward B and Fang, Jianming and Mukherjee,
		  Debabrata and Nallamothu, Brahmajee K and Eagle, Kim A},
  journal	= {Archives of Internal Medicine},
  volume	= {165},
  number	= {10},
  pages		= {1125--1129},
  year		= {2005},
  publisher	= {American Medical Association}
}

@InProceedings{	  barocas2009notice,
  title		= {On notice: The trouble with notice and choice},
  author	= {Barocas, Solon and Nissenbaum, Helen},
  booktitle	= {First International Forum on the Application of and
		  Management of Personal Electronic Information},
  year		= {2009}
}

@InProceedings{	  barth2006privacy,
  title		= {Privacy and contextual integrity: Framework and
		  applications},
  author	= {Barth, Adam and Datta, Anupam and Mitchell, John C and
		  Nissenbaum, Helen},
  booktitle	= {Security and Privacy, 2006 IEEE Symposium on},
  pages		= {15--pp},
  year		= {2006},
  organization	= {IEEE}
}

@InProceedings{	  barth2007privacy,
  title		= {Privacy and utility in business processes},
  author	= {Barth, Adam and Mitchell, John and Datta, Anupam and
		  Sundaram, Sharada},
  booktitle	= {Computer Security Foundations Symposium, 2007. CSF'07.
		  20th IEEE},
  pages		= {279--294},
  year		= {2007},
  organization	= {IEEE}
}

@Article{	  benthall2016philosophy,
  title		= {Philosophy of computational social science},
  author	= {Benthall, Sebastian},
  journal	= {Cosmos and History: The Journal of Natural and Social
		  Philosophy},
  volume	= {12},
  number	= {2},
  pages		= {13--30},
  year		= {2016}
}

@Article{	  benthall2017contextual,
  title		= {Contextual Integrity through the Lens of Computer
		  Science},
  author	= {Benthall, Sebastian and G{\"u}rses, Seda and Nissenbaum,
		  Helen and others},
  journal	= {Foundations and Trends{\textregistered} in Privacy and
		  Security},
  volume	= {2},
  number	= {1},
  pages		= {1--69},
  year		= {2017},
  publisher	= {Now Publishers, Inc.}
}

@Article{	  benthall2017contextual,
  title		= {Contextual Integrity through the Lens of Computer
		  Science},
  author	= {Benthall, Sebastian and G{\"u}rses, Seda and Nissenbaum,
		  Helen and others},
  journal	= {Foundations and Trends{\textregistered} in Privacy and
		  Security},
  volume	= {2},
  number	= {1},
  pages		= {1--69},
  year		= {2017},
  publisher	= {Now Publishers, Inc.}
}

@TechReport{	  benthall2017origin,
  author	= {Benthall, Sebastian and Datta, Anupam and Tschantz,
		  Michael},
  title		= {Origin Privacy: Causality and Data Protection},
  year		= {2018},
  optkey	= {},
  opttype	= {},
  optnumber	= {},
  optaddress	= {},
  optmonth	= {},
  optnote	= {},
  optannote	= {}
}

@Article{	  berendt2005privacy,
  title		= {Privacy in e-commerce: stated preferences vs. actual
		  behavior},
  author	= {Berendt, Bettina and G{\"u}nther, Oliver and Spiekermann,
		  Sarah},
  journal	= {Communications of the ACM},
  volume	= {48},
  number	= {4},
  pages		= {101--106},
  year		= {2005},
  publisher	= {ACM}
}

@Book{		  bourdieu2004science,
  title		= {Science of science and reflexivity},
  author	= {Bourdieu, Pierre},
  year		= {2004},
  publisher	= {Polity}
}

@Article{	  bowers2001health,
  title		= {The Health Insurance Portability and Accountability Act:
		  is it really all that bad?},
  author	= {Bowers, Donna},
  journal	= {Proceedings (Baylor University. Medical Center)},
  volume	= {14},
  number	= {4},
  pages		= {347},
  year		= {2001},
  publisher	= {Baylor Health Care System}
}

@Article{	  calo2011boundaries,
  title		= {The boundaries of privacy harm},
  author	= {Calo, Ryan},
  journal	= {Ind. LJ},
  volume	= {86},
  pages		= {1131},
  year		= {2011},
  publisher	= {HeinOnline}
}

@Article{	  cavoukian2009whole,
  title		= {Whole body imaging in airport scanners: Activate privacy
		  filters to achieve security and privacy},
  author	= {Cavoukian, Ann and others},
  year		= {2009},
  publisher	= {Office of the Information and Privacy Commissioner}
}

@Misc{		  cb_insights_research_2018,
  title		= {Facebook Patents Tech To Bucket Users Into Different
		  Social Classes},
  url		= {https://www.cbinsights.com/research/facebook-patent-socioeconomic-detection/9375681},
  journal	= {CB Insights Research},
  year		= {2018},
  month		= {Feb}
}

@Article{	  cederman2005computational,
  title		= {Computational models of social forms: Advancing generative
		  process theory},
  author	= {Cederman, Lars-Erik},
  journal	= {American Journal of Sociology},
  volume	= {110},
  number	= {4},
  pages		= {864--893},
  year		= {2005},
  publisher	= {The University of Chicago Press}
}

@Article{	  cederman2005computational,
  title		= {Computational models of social forms: Advancing generative
		  process theory},
  author	= {Cederman, Lars-Erik},
  journal	= {American Journal of Sociology},
  volume	= {110},
  number	= {4},
  pages		= {864--893},
  year		= {2005},
  publisher	= {The University of Chicago Press}
}

@InProceedings{	  clark2002tussle,
  title		= {Tussle in cyberspace: defining tomorrow's internet},
  author	= {Clark, David D and Wroclawski, John and Sollins, Karen R
		  and Braden, Robert},
  booktitle	= {ACM SIGCOMM Computer Communication Review},
  volume	= {32},
  number	= {4},
  pages		= {347--356},
  year		= {2002},
  organization	= {ACM}
}

@Article{	  cofone2017dynamic,
  title		= {The Dynamic Effect of Information Privacy Law},
  author	= {Cofone, Ignacio N},
  journal	= {Minn. JL Sci. \& Tech.},
  volume	= {18},
  pages		= {517},
  year		= {2017},
  publisher	= {HeinOnline}
}

@Article{	  conitzer2012hide,
  title		= {Hide and seek: Costly consumer privacy in a market with
		  repeat purchases},
  author	= {Conitzer, Vincent and Taylor, Curtis R and Wagman, Liad},
  journal	= {Marketing Science},
  volume	= {31},
  number	= {2},
  pages		= {277--292},
  year		= {2012},
  publisher	= {INFORMS}
}

@Article{	  criado2015implicit,
  title		= {Implicit contextual integrity in online social networks},
  author	= {Criado, Natalia and Such, Jose M},
  journal	= {Information Sciences},
  volume	= {325},
  pages		= {48--69},
  year		= {2015},
  publisher	= {Elsevier}
}

@Article{	  criado2015implicit,
  title		= {Implicit contextual integrity in online social networks},
  author	= {Criado, Natalia and Such, Jose M},
  journal	= {Information Sciences},
  volume	= {325},
  pages		= {48--69},
  year		= {2015},
  publisher	= {Elsevier}
}

@Article{	  criado2015implicit,
  title		= {Implicit contextual integrity in online social networks},
  author	= {Criado, Natalia and Such, Jose M},
  journal	= {Information Sciences},
  volume	= {325},
  pages		= {48--69},
  year		= {2015},
  publisher	= {Elsevier}
}

@Article{	  danezis2015privacy,
  title		= {Privacy and Data Protection by Design-from policy to
		  engineering},
  author	= {Danezis, George and Domingo-Ferrer, Josep and Hansen,
		  Marit and Hoepman, Jaap-Henk and Metayer, Daniel Le and
		  Tirtea, Rodica and Schiffner, Stefan},
  journal	= {arXiv preprint arXiv:1501.03726},
  year		= {2015}
}

@InProceedings{	  datta2011understanding,
  title		= {Understanding and protecting privacy: Formal semantics and
		  principled audit mechanisms},
  author	= {Datta, Anupam and Blocki, Jeremiah and Christin, Nicolas
		  and DeYoung, Henry and Garg, Deepak and Jia, Limin and
		  Kaynar, Dilsun and Sinha, Arunesh},
  booktitle	= {International Conference on Information Systems Security},
  pages		= {1--27},
  year		= {2011},
  organization	= {Springer}
}

@Article{	  datta2015automated,
  title		= {Automated experiments on ad privacy settings},
  author	= {Datta, Amit and Tschantz, Michael Carl and Datta, Anupam},
  journal	= {Proceedings on Privacy Enhancing Technologies},
  volume	= {2015},
  number	= {1},
  pages		= {92--112},
  year		= {2015}
}

@Article{	  davis2014context,
  title		= {Context collapse: theorizing context collusions and
		  collisions},
  author	= {Davis, Jenny L and Jurgenson, Nathan},
  journal	= {Information, Communication \& Society},
  volume	= {17},
  number	= {4},
  pages		= {476--485},
  year		= {2014},
  publisher	= {Taylor \& Francis}
}

@InProceedings{	  dey1999context,
  title		= {A context-based infrastructure for smart environments},
  author	= {Dey, Anind K and Abowd, Gregory D and Salber, Daniel},
  booktitle	= {Proceedings of the 1st International Workshop on Managing
		  Interactions in Smart Environments},
  pages		= {114--128},
  year		= {1999}
}

@InProceedings{	  dey1999context,
  title		= {A context-based infrastructure for smart environments},
  author	= {Dey, Anind K and Abowd, Gregory D and Salber, Daniel},
  booktitle	= {Proceedings of the 1st International Workshop on Managing
		  Interactions in Smart Environments},
  pages		= {114--128},
  year		= {1999}
}

@Article{	  dey2001conceptual,
  title		= {A conceptual framework and a toolkit for supporting the
		  rapid prototyping of context-aware applications},
  author	= {Dey, Anind K and Abowd, Gregory D and Salber, Daniel},
  journal	= {Human-computer interaction},
  volume	= {16},
  number	= {2},
  pages		= {97--166},
  year		= {2001},
  publisher	= {L. Erlbaum Associates Inc.}
}

@InProceedings{	  deyoung2010experiences,
  title		= {Experiences in the logical specification of the HIPAA and
		  GLBA privacy laws},
  author	= {DeYoung, Henry and Garg, Deepak and Jia, Limin and Kaynar,
		  Dilsun and Datta, Anupam},
  booktitle	= {Proceedings of the 9th annual ACM workshop on Privacy in
		  the electronic society},
  pages		= {73--82},
  year		= {2010},
  organization	= {ACM}
}

@Article{	  dourish2004we,
  title		= {What we talk about when we talk about context},
  author	= {Dourish, Paul},
  journal	= {Personal and ubiquitous computing},
  volume	= {8},
  number	= {1},
  pages		= {19--30},
  year		= {2004},
  publisher	= {Springer-Verlag}
}

@Article{	  dourish2004we,
  title		= {What we talk about when we talk about context},
  author	= {Dourish, Paul},
  journal	= {Personal and ubiquitous computing},
  volume	= {8},
  number	= {1},
  pages		= {19--30},
  year		= {2004},
  publisher	= {Springer-Verlag}
}

@Article{	  dourish2004we,
  title		= {What we talk about when we talk about context},
  author	= {Dourish, Paul},
  journal	= {Personal and ubiquitous computing},
  volume	= {8},
  number	= {1},
  pages		= {19--30},
  year		= {2004},
  publisher	= {Springer}
}

@Article{	  dretske1981knowledge,
  title		= {Knowledge and the Flow of Information},
  author	= {Dretske, Fred},
  year		= {1981}
}

@Article{	  dretske1983epistemology,
  title		= {The epistemology of belief},
  author	= {Dretske, Fred I},
  journal	= {Synthese},
  volume	= {55},
  number	= {1},
  pages		= {3--19},
  year		= {1983},
  publisher	= {Springer}
}

@Book{		  epstein2006generative,
  title		= {Generative social science: Studies in agent-based
		  computational modeling},
  author	= {Epstein, Joshua M},
  year		= {2006},
  publisher	= {Princeton University Press}
}

@Book{		  epstein2006generative,
  title		= {Generative social science: Studies in agent-based
		  computational modeling},
  author	= {Epstein, Joshua M},
  year		= {2006},
  publisher	= {Princeton University Press}
}

@Misc{		  federalprotecting,
  title		= {Protecting Consumer Privacy in an Era of Rapid Change:
		  Recommendations for Businesses and Policymakers, March
		  2012},
  author	= {Federal Trade Commission and others}
}

@Book{		  flanagan2014values,
  title		= {Values at play in digital games},
  author	= {Flanagan, Mary and Nissenbaum, Helen},
  year		= {2014},
  publisher	= {MIT Press}
}

@TechReport{	  goldfarb2017digital,
  title		= {Digital economics},
  author	= {Goldfarb, Avi and Tucker, Catherine},
  year		= {2017},
  institution	= {National Bureau of Economic Research}
}

@InProceedings{	  grossklags2008secure,
  title		= {Secure or insure?: a game-theoretic analysis of
		  information security games},
  author	= {Grossklags, Jens and Christin, Nicolas and Chuang, John},
  booktitle	= {Proceedings of the 17th international conference on World
		  Wide Web},
  pages		= {209--218},
  year		= {2008},
  organization	= {ACM}
}

@Article{	  gurses2011engineering,
  title		= {Engineering privacy by design},
  author	= {G{\"u}rses, Seda and Troncoso, Carmela and Diaz, Claudia},
  year		= {2011}
}

@Article{	  gurses2016privacy,
  title		= {Privacy engineering: Shaping an emerging field of research
		  and practice},
  author	= {G{\"u}rses, Seda and del Alamo, Jose M},
  journal	= {IEEE Security \& Privacy},
  volume	= {14},
  number	= {2},
  pages		= {40--46},
  year		= {2016},
  publisher	= {IEEE}
}

@Article{	  hazard1978historical,
  title		= {An Historical Perspective on the Attorney-Client
		  Privilege},
  author	= {Hazard Jr, Geoffrey C},
  journal	= {California Law Review},
  pages		= {1061--1091},
  year		= {1978},
  publisher	= {JSTOR}
}

@Article{	  hellman2017indirect,
  title		= {Indirect Discrimination and the Duty to Avoid Compounding
		  Injustice},
  author	= {Hellman, Deborah},
  year		= {2017}
}

@Article{	  herrmann2016privacy,
  title		= {Privacy in Location-Based Services: An Interdisciplinary
		  Approach},
  author	= {Herrmann, Michael and Hildebrandt, Mireille and Tielemans,
		  Laura and Diaz, Claudia},
  journal	= {SCRIPTed},
  volume	= {13},
  pages		= {144},
  year		= {2016},
  publisher	= {HeinOnline}
}

@Article{	  herrmann2016privacy,
  title		= {Privacy in Location-Based Services: An Interdisciplinary
		  Approach},
  author	= {Herrmann, Michael and Hildebrandt, Mireille and Tielemans,
		  Laura and Diaz, Claudia},
  journal	= {SCRIPTed},
  volume	= {13},
  pages		= {144},
  year		= {2016},
  publisher	= {HeinOnline}
}

@Article{	  hildebrandt2013slaves,
  title		= {Slaves to big data. Or are we?},
  author	= {Hildebrandt, Mireille},
  year		= {2013},
  booktitle	= {9th annual conference on internet, Law & Politics (IDP
		  2013, Barcelona)}
}

@Article{	  hildebrandt2013slaves,
  title		= {Slaves to big data. Or are we?},
  author	= {Hildebrandt, Mireille},
  year		= {2013},
  booktitle	= {9th annual conference on internet, Law & Politics (IDP
		  2013, Barcelona)}
}

@Article{	  hildebrandt2013slaves,
  title		= {Slaves to big data. Or are we?},
  author	= {Hildebrandt, Mireille},
  year		= {2013},
  booktitle	= {9th annual conference on internet, Law & Politics (IDP
		  2013, Barcelona)}
}

@Misc{		  hine_2015,
  title		= {Mergers and privacy promises},
  url		= {https://www.ftc.gov/news-events/blogs/business-blog/2015/03/mergers-privacy-promises},
  publisher	= {Federal Trade Commission},
  author	= {Hine, Jamie},
  year		= {2015},
  month		= {Mar}
}

@Misc{		  holmes1897path,
  title		= {THE PATH OF THE LAW (HARVARD LAW REVIEW).},
  author	= {HOLMES, O W},
  year		= {1897}
}

@Article{	  hoofnagle2009internalizing,
  title		= {Internalizing Identity Theft},
  author	= {Hoofnagle, Chris Jay},
  year		= {2009}
}

@Article{	  hoofnagle2012behavioral,
  title		= {Behavioral advertising: the offer you cannot refuse},
  author	= {Hoofnagle, Chris Jay and Soltani, Ashkan and Good, Nathan
		  and Wambach, Dietrich James and Ayenson, Mika D},
  year		= {2012}
}

@Article{	  hoofnagle2014alan,
  title		= {Alan Westin's privacy homo economicus},
  author	= {Hoofnagle, Chris Jay and Urban, Jennifer M},
  year		= {2014}
}

@Article{	  house2012consumer,
  title		= {Consumer data privacy in a networked world: A framework
		  for protecting privacy and promoting innovation in the
		  global digital economy},
  author	= {House, White},
  journal	= {White House, Washington, DC},
  pages		= {1--62},
  year		= {2012}
}

@Article{	  houser2007assessing,
  title		= {Assessing the effects of the HIPAA privacy rule on release
		  of patient information by healthcare facilities},
  author	= {Houser, Shannon H and Houser, Howard W and Shewchuk,
		  Richard M},
  journal	= {Perspectives in Health Information Management/AHIMA,
		  American Health Information Management Association},
  volume	= {4},
  year		= {2007},
  publisher	= {American Health Information Management Association}
}

@Book{		  hurwicz2006designing,
  title		= {Designing economic mechanisms},
  author	= {Hurwicz, Leonid and Reiter, Stanley},
  year		= {2006},
  publisher	= {Cambridge University Press}
}

@Book{		  hurwicz2006designing,
  title		= {Designing economic mechanisms},
  author	= {Hurwicz, Leonid and Reiter, Stanley},
  year		= {2006},
  publisher	= {Cambridge University Press}
}

@InProceedings{	  jia2017contexiot,
  title		= {ContexIoT: Towards providing contextual integrity to
		  appified IoT platforms},
  author	= {Jia, Yunhan Jack and Chen, Qi Alfred and Wang, Shiqi and
		  Rahmati, Amir and Fernandes, Earlence and Mao, Z Morley and
		  Prakash, Atul and Unviersity, Shanghai JiaoTong},
  booktitle	= {Proceedings of The Network and Distributed System Security
		  Symposium},
  volume	= {2017},
  year		= {2017}
}

@InProceedings{	  kayes2013aegis,
  title		= {Aegis: A semantic implementation of privacy as contextual
		  integrity in social ecosystems},
  author	= {Kayes, Imrul and Iamnitchi, Adriana},
  booktitle	= {Privacy, security and trust (pst), 2013 eleventh annual
		  international conference on},
  pages		= {88--97},
  year		= {2013},
  organization	= {IEEE}
}

@InProceedings{	  kayes2013out,
  title		= {Out of the wild: On generating default policies in social
		  ecosystems},
  author	= {Kayes, Imrul and Iamnitchi, Adriana},
  booktitle	= {Communications Workshops (ICC), 2013 IEEE International
		  Conference on},
  pages		= {204--208},
  year		= {2013},
  organization	= {IEEE}
}

@Article{	  kim2015screening,
  title		= {Screening incentives and privacy protection in financial
		  markets: a theoretical and empirical analysis},
  author	= {Kim, Jin-Hyuk and Wagman, Liad},
  journal	= {The RAND Journal of Economics},
  volume	= {46},
  number	= {1},
  pages		= {1--22},
  year		= {2015},
  publisher	= {Wiley Online Library}
}

@TechReport{	  kitchenham2007guidelines,
  author	= {Kitchenham, B. and S. Charters},
  title		= {Guidelines for performing Systematic Literature Reviews in
		  Software Engineering},
  institution	= {Keele University and University of Durham},
  year		= {2007},
  optkey	= {},
  opttype	= {},
  optnumber	= {},
  optaddress	= {},
  optmonth	= {},
  optnote	= {},
  optannote	= {}
}

@Article{	  koller2003multi,
  title		= {Multi-agent influence diagrams for representing and
		  solving games},
  author	= {Koller, Daphne and Milch, Brian},
  journal	= {Games and economic behavior},
  volume	= {45},
  number	= {1},
  pages		= {181--221},
  year		= {2003},
  publisher	= {Elsevier}
}

@Article{	  koller2003multi,
  title		= {Multi-agent influence diagrams for representing and
		  solving games},
  author	= {Koller, Daphne and Milch, Brian},
  journal	= {Games and economic behavior},
  volume	= {45},
  number	= {1},
  pages		= {181--221},
  year		= {2003},
  publisher	= {Elsevier}
}

@Article{	  krupa2012handling,
  title		= {Handling privacy as contextual integrity in decentralized
		  virtual communities: The PrivaCIAS framework},
  author	= {Krupa, Yann and Vercouter, Laurent},
  journal	= {Web Intelligence and Agent Systems: An International
		  Journal},
  volume	= {10},
  number	= {1},
  pages		= {105--116},
  year		= {2012},
  publisher	= {IOS Press}
}

@Article{	  lau1999privacy,
  title		= {Privacy interfaces for information management},
  author	= {Lau, Tessa and Etzioni, Oren and Weld, Daniel S},
  journal	= {Communications of the ACM},
  volume	= {42},
  number	= {10},
  pages		= {88--94},
  year		= {1999},
  publisher	= {ACM}
}

@Article{	  laudon1996markets,
  title		= {Markets and privacy},
  author	= {Laudon, Kenneth C},
  journal	= {Communications of the ACM},
  volume	= {39},
  number	= {9},
  pages		= {92--104},
  year		= {1996},
  publisher	= {ACM}
}

@Article{	  laudon1997extensions,
  title		= {Extensions to the theory of markets and privacy: Mechanics
		  of pricing information},
  author	= {Laudon, Kenneth},
  year		= {1997},
  publisher	= {Stern School of Business, New York University}
}

@Article{	  lessig1999code,
  title		= {Code is law},
  author	= {Lessig, Lawrence},
  journal	= {The Industry Standard},
  volume	= {18},
  year		= {1999}
}

@Article{	  lin2014modeling,
  title		= {Modeling users’ mobile app privacy preferences:
		  Restoring usability in a sea of permission settings},
  author	= {Lin, Jialiu and Liu, Bin and Sadeh, Norman and Hong, Jason
		  I},
  year		= {2014}
}

@Article{	  lipman2015online,
  title		= {Online Privacy and the Invisible Market for Our Data},
  author	= {Lipman, Rebecca},
  journal	= {Penn St. L. Rev.},
  volume	= {120},
  pages		= {777},
  year		= {2015},
  publisher	= {HeinOnline}
}

@InProceedings{	  littman1994markov,
  title		= {Markov games as a framework for multi-agent reinforcement
		  learning},
  author	= {Littman, Michael L},
  booktitle	= {Proceedings of the eleventh international conference on
		  machine learning},
  volume	= {157},
  pages		= {157--163},
  year		= {1994}
}

@InProceedings{	  littman1994markov,
  title		= {Markov games as a framework for multi-agent reinforcement
		  learning},
  author	= {Littman, Michael L},
  booktitle	= {Proceedings of the eleventh international conference on
		  machine learning},
  volume	= {157},
  pages		= {157--163},
  year		= {1994}
}

@Article{	  madden2017inequality,
  author	= {Madden, Mary},
  title		= {Privacy, Security, and Digital Inequality},
  year		= {2017},
  published	= {Data and Society Institute}
}

@Article{	  martin2016measuring,
  title		= {Measuring privacy: an empirical test using context to
		  expose confounding variables},
  author	= {Martin, Kirsten and Nissenbaum, Helen},
  journal	= {Colum. Sci. \& Tech. L. Rev.},
  volume	= {18},
  pages		= {176},
  year		= {2016},
  publisher	= {HeinOnline}
}

@Article{	  marwick2011tweet,
  title		= {I tweet honestly, I tweet passionately: Twitter users,
		  context collapse, and the imagined audience},
  author	= {Marwick, Alice E and Boyd, Danah},
  journal	= {New media \& society},
  volume	= {13},
  number	= {1},
  pages		= {114--133},
  year		= {2011},
  publisher	= {SAGE Publications Sage UK: London, England}
}

@InProceedings{	  mcsherry2007mechanism,
  title		= {Mechanism design via differential privacy},
  author	= {McSherry, Frank and Talwar, Kunal},
  booktitle	= {Foundations of Computer Science, 2007. FOCS'07. 48th
		  Annual IEEE Symposium on},
  pages		= {94--103},
  year		= {2007},
  organization	= {IEEE}
}

@InProceedings{	  mcsherry2007mechanism,
  title		= {Mechanism design via differential privacy},
  author	= {McSherry, Frank and Talwar, Kunal},
  booktitle	= {Foundations of Computer Science, 2007. FOCS'07. 48th
		  Annual IEEE Symposium on},
  pages		= {94--103},
  year		= {2007},
  organization	= {IEEE}
}

@Book{		  miller2009complex,
  title		= {Complex adaptive systems: An introduction to computational
		  models of social life},
  author	= {Miller, John H and Page, Scott E},
  year		= {2009},
  publisher	= {Princeton university press}
}

@Book{		  miller2009complex,
  title		= {Complex adaptive systems: An introduction to computational
		  models of social life},
  author	= {Miller, John H and Page, Scott E},
  year		= {2009},
  publisher	= {Princeton university press}
}

@Article{	  mulligan2016privacy,
  title		= {Privacy is an essentially contested concept: a
		  multi-dimensional analytic for mapping privacy},
  author	= {Mulligan, Deirdre K and Koopman, Colin and Doty, Nick},
  journal	= {Phil. Trans. R. Soc. A},
  volume	= {374},
  number	= {2083},
  pages		= {20160118},
  year		= {2016},
  publisher	= {The Royal Society}
}

@Article{	  murphy1995property,
  title		= {Property rights in personal information: An economic
		  defense of privacy},
  author	= {Murphy, Richard S},
  journal	= {Geo. LJ},
  volume	= {84},
  pages		= {2381},
  year		= {1995},
  publisher	= {HeinOnline}
}

@Article{	  ness2007influence,
  title		= {Influence of the HIPAA privacy rule on health research},
  author	= {Ness, Roberta B and Joint Policy Committee and others},
  journal	= {Jama},
  volume	= {298},
  number	= {18},
  pages		= {2164--2170},
  year		= {2007},
  publisher	= {American Medical Association}
}

@Article{	  netter2011assisted,
  title		= {Assisted social identity management-enhancing privacy in
		  the social web},
  author	= {Netter, Michael and Riesner, Moritz and Pernul,
		  G{\"u}nther},
  year		= {2011}
}

@Misc{		  neumann1944theory,
  title		= {Theory of games and economic behavior},
  author	= {Neumann, J von and Morgenstern, Oskar and others},
  year		= {1944},
  publisher	= {Princeton university press Princeton}
}

@Misc{		  neumann1944theory,
  title		= {Theory of games and economic behavior},
  author	= {Neumann, J von and Morgenstern, Oskar and others},
  year		= {1944},
  publisher	= {Princeton university press Princeton}
}

@InProceedings{	  ng2000algorithms,
  title		= {Algorithms for inverse reinforcement learning.},
  author	= {Ng, Andrew Y and Russell, Stuart J and others},
  booktitle	= {Icml},
  pages		= {663--670},
  year		= {2000}
}

@InProceedings{	  ng2000algorithms,
  title		= {Algorithms for inverse reinforcement learning.},
  author	= {Ng, Andrew Y and Russell, Stuart J and others},
  booktitle	= {Icml},
  pages		= {663--670},
  year		= {2000}
}

@Article{	  nisan2007introduction,
  title		= {Introduction to mechanism design (for computer
		  scientists)},
  author	= {Nisan, Noam and others},
  journal	= {Algorithmic game theory},
  volume	= {9},
  pages		= {209--242},
  year		= {2007}
}

@Article{	  nisan2007introduction,
  title		= {Introduction to mechanism design (for computer
		  scientists)},
  author	= {Nisan, Noam and others},
  journal	= {Algorithmic game theory},
  volume	= {9},
  pages		= {209--242},
  year		= {2007}
}

@Article{	  nissenbaum1998protecting,
  title		= {Protecting privacy in an information age: The problem of
		  privacy in public},
  author	= {Nissenbaum, Helen},
  journal	= {Law and philosophy},
  volume	= {17},
  number	= {5-6},
  pages		= {559--596},
  year		= {1998},
  publisher	= {Springer}
}

@Article{	  nissenbaum2004privacy,
  title		= {Privacy as contextual integrity},
  author	= {Nissenbaum, Helen},
  journal	= {Wash. L. Rev.},
  volume	= {79},
  pages		= {119},
  year		= {2004},
  publisher	= {HeinOnline}
}

@Book{		  nissenbaum2009privacy,
  title		= {Privacy in context: Technology, policy, and the integrity
		  of social life},
  author	= {Nissenbaum, Helen},
  year		= {2009},
  publisher	= {Stanford University Press}
}

@Book{		  nissenbaum2009privacy,
  title		= {Privacy in context: Technology, policy, and the integrity
		  of social life},
  author	= {Nissenbaum, Helen},
  year		= {2009},
  publisher	= {Stanford University Press}
}

@Article{	  nissenbaum2011contextual,
  title		= {A contextual approach to privacy online},
  author	= {Nissenbaum, Helen},
  journal	= {Daedalus},
  volume	= {140},
  number	= {4},
  pages		= {32--48},
  year		= {2011},
  publisher	= {MIT Press}
}

@Article{	  nissenbaum2011contextual,
  title		= {A contextual approach to privacy online},
  author	= {Nissenbaum, Helen},
  journal	= {Daedalus},
  volume	= {140},
  number	= {4},
  pages		= {32--48},
  year		= {2011},
  publisher	= {MIT Press}
}

@Article{	  nissenbaum2015respecting,
  title		= {Respecting context to protect privacy: Why meaning
		  matters},
  author	= {Nissenbaum, Helen},
  journal	= {Science and engineering ethics},
  pages		= {1--22},
  year		= {2015},
  publisher	= {Springer}
}

@TechReport{	  nissenbaum2017origin,
  author	= {Nissenbaum, Helen and Datta, Anupam and Tschantz, Michael
		  and Benthall, Sebastian},
  title		= {The Need for Origin Privacy},
  institution	= {New York University},
  year		= {2017},
  optkey	= {},
  opttype	= {},
  optnumber	= {},
  optaddress	= {},
  optmonth	= {},
  optnote	= {},
  optannote	= {}
}

@Article{	  nunberg1996farewell,
  title		= {Farewell to the information age},
  author	= {Nunberg, Geoffrey},
  journal	= {The future of the book},
  pages		= {103--138},
  year		= {1996},
  publisher	= {University of California Press Berkeley, CA}
}

@Article{	  ohm2014sensitive,
  title		= {Sensitive information},
  author	= {Ohm, Paul},
  journal	= {S. Cal. L. Rev.},
  volume	= {88},
  pages		= {1125},
  year		= {2014},
  publisher	= {HeinOnline}
}

@InProceedings{	  omoronyia2013engineering,
  title		= {Engineering adaptive privacy: on the role of privacy
		  awareness requirements},
  author	= {Omoronyia, Inah and Cavallaro, Luca and Salehie, Mazeiar
		  and Pasquale, Liliana and Nuseibeh, Bashar},
  booktitle	= {Proceedings of the 2013 International Conference on
		  Software Engineering},
  pages		= {632--641},
  year		= {2013},
  organization	= {IEEE Press}
}

@InProceedings{	  omoronyia2013engineering,
  title		= {Engineering adaptive privacy: on the role of privacy
		  awareness requirements},
  author	= {Omoronyia, Inah and Cavallaro, Luca and Salehie, Mazeiar
		  and Pasquale, Liliana and Nuseibeh, Bashar},
  booktitle	= {Proceedings of the 2013 International Conference on
		  Software Engineering},
  pages		= {632--641},
  year		= {2013},
  organization	= {IEEE Press}
}

@Misc{		  oreilly_2017,
  title		= {The Race Is On to Challenge Google-Facebook 'Duopoly' in
		  Digital Advertising},
  url		= {https://www.wsj.com/articles/the-race-is-on-to-challenge-google-facebook-duopoly-in-digital-advertising-1497864602},
  journal	= {The Wall Street Journal},
  publisher	= {Dow Jones & Company},
  author	= {O'Reilly, Lara},
  year		= {2017},
  month		= {Jun}
}

@Article{	  pearl1988probabilistic,
  title		= {Probabilistic Reasoning in Intelligent Systems: Networks
		  of Plausible Inference},
  author	= {Pearl, Judea},
  year		= {1988},
  publisher	= {Morgan Kaufmann Publishers Inc.}
}

@Article{	  posner1981economics,
  title		= {The economics of privacy},
  author	= {Posner, Richard A},
  journal	= {The American economic review},
  volume	= {71},
  number	= {2},
  pages		= {405--409},
  year		= {1981},
  publisher	= {JSTOR}
}

@Article{	  posner1981economics,
  title		= {The economics of privacy},
  author	= {Posner, Richard A},
  journal	= {The American economic review},
  volume	= {71},
  number	= {2},
  pages		= {405--409},
  year		= {1981},
  publisher	= {JSTOR}
}

@Article{	  post2017data,
  title		= {Data Privacy and Dignitary Privacy: Google Spain, the
		  Right to Be Forgotten, and the Construction of the Public
		  Sphere},
  author	= {Post, Robert},
  year		= {2017}
}

@Article{	  regulation2016regulation,
  title		= {Regulation (EU) 2016/679 of the European Parliament and of
		  the Council of 27 April 2016 on the protection of natural
		  persons with regard to the processing of personal data and
		  on the free movement of such data, and repealing Directive
		  95/46},
  author	= {Regulation, General Data Protection},
  journal	= {Official Journal of the European Union (OJ)},
  volume	= {59},
  pages		= {1--88},
  year		= {2016}
}

@Article{	  reidenberg2015privacy,
  title		= {Privacy harms and the effectiveness of the notice and
		  choice framework},
  author	= {Reidenberg, Joel R and Russell, N Cameron and Callen,
		  Alexander J and Qasir, Sophia and Norton, Thomas B},
  journal	= {ISJLP},
  volume	= {11},
  pages		= {485},
  year		= {2015},
  publisher	= {HeinOnline}
}

@Article{	  richards2007privacy,
  title		= {Privacy's other path: recovering the law of
		  confidentiality},
  author	= {Richards, Neil M and Solove, Daniel J},
  journal	= {Geo. LJ},
  volume	= {96},
  pages		= {123},
  year		= {2007},
  publisher	= {HeinOnline}
}

@Article{	  rill1991us,
  title		= {US Department of Justice and Federal Trade Commission
		  horizontal merger guidelines of 1992},
  author	= {Rill, James F and Steiger, Janet D and Owen, Deborah K and
		  Starek III, Roscoe B},
  journal	= {Antitrust L. \& Econ. Rev.},
  volume	= {23},
  pages		= {49},
  year		= {1991},
  publisher	= {HeinOnline}
}

@Article{	  rosenblueth1943behavior,
  title		= {Behavior, purpose and teleology},
  author	= {Rosenblueth, Arturo and Wiener, Norbert and Bigelow,
		  Julian},
  journal	= {Philosophy of science},
  volume	= {10},
  number	= {1},
  pages		= {18--24},
  year		= {1943},
  publisher	= {Williams and Wilkins Co.}
}

@Article{	  rosenblueth1943behavior,
  title		= {Behavior, purpose and teleology},
  author	= {Rosenblueth, Arturo and Wiener, Norbert and Bigelow,
		  Julian},
  journal	= {Philosophy of science},
  volume	= {10},
  number	= {1},
  pages		= {18--24},
  year		= {1943},
  publisher	= {Williams and Wilkins Co.}
}

@Article{	  rubinstein2010privacy,
  title		= {Privacy and regulatory innovation: Moving beyond voluntary
		  codes},
  author	= {Rubinstein, Ira S},
  journal	= {ISJLP},
  volume	= {6},
  pages		= {355},
  year		= {2010},
  publisher	= {HeinOnline}
}

@InProceedings{	  salehie2012adaptive,
  title		= {Adaptive security and privacy in smart grids: A software
		  engineering vision},
  author	= {Salehie, Mazeiar and Pasquale, Liliana and Omoronyia, Inah
		  and Nuseibeh, Bashar},
  booktitle	= {Proceedings of the First International Workshop on
		  Software Engineering Challenges for the Smart Grid},
  pages		= {46--49},
  year		= {2012},
  organization	= {IEEE Press}
}

@InProceedings{	  samavi2012l2tap+,
  title		= {L2TAP+ SCIP: An audit-based privacy framework leveraging
		  Linked Data},
  author	= {Samavi, Reza and Consens, Mariano P},
  booktitle	= {Collaborative Computing: Networking, Applications and
		  Worksharing (CollaborateCom), 2012 8th International
		  Conference on},
  pages		= {719--726},
  year		= {2012},
  organization	= {IEEE}
}

@Article{	  samuelson2000privacy,
  title		= {Privacy as intellectual property?},
  author	= {Samuelson, Pamela},
  journal	= {Stanford Law Review},
  pages		= {1125--1173},
  year		= {2000},
  publisher	= {JSTOR}
}

@Article{	  sawyer2001emergence,
  title		= {Emergence in sociology: Contemporary philosophy of mind
		  and some implications for sociological theory},
  author	= {Sawyer, R Keith},
  journal	= {American Journal of Sociology},
  volume	= {107},
  number	= {3},
  pages		= {551--585},
  year		= {2001},
  publisher	= {The University of Chicago Press}
}

@Article{	  sawyer2001emergence,
  title		= {Emergence in sociology: Contemporary philosophy of mind
		  and some implications for sociological theory},
  author	= {Sawyer, R Keith},
  journal	= {American Journal of Sociology},
  volume	= {107},
  number	= {3},
  pages		= {551--585},
  year		= {2001},
  publisher	= {The University of Chicago Press}
}

@InProceedings{	  sayaf2014mathrm,
  title		= {$ $$\backslash$mathrm $\{$CPS$\}$\^{} 2$ $: A Contextual
		  Privacy Framework for Social Software},
  author	= {Sayaf, Rula and Clarke, Dave and Harper, Richard},
  booktitle	= {International Conference on Security and Privacy in
		  Communication Systems},
  pages		= {25--32},
  year		= {2014},
  organization	= {Springer}
}

@InProceedings{	  schaub2015design,
  title		= {A design space for effective privacy notices},
  author	= {Schaub, Florian and Balebako, Rebecca and Durity, Adam L
		  and Cranor, Lorrie Faith},
  booktitle	= {Eleventh Symposium On Usable Privacy and Security (SOUPS
		  2015)},
  pages		= {1--17},
  year		= {2015}
}

@Misc{		  sen_2017,
  title		= {The 'Big Five' Could Destroy the Tech Ecosystem},
  url		= {https://www.bloomberg.com/view/articles/2017-11-15/the-big-five-could-destroy-the-tech-ecosystem},
  journal	= {Bloomberg.com},
  publisher	= {Bloomberg},
  author	= {Sen, Conor},
  year		= {2017},
  month		= {Nov}
}

@Article{	  shannon1948mathematical,
  title		= {A mathematical theory of communication},
  author	= {Shannon, CE},
  journal	= {The Bell System Technical Journal},
  volume	= {27},
  number	= {3},
  pages		= {379--423},
  year		= {1948},
  publisher	= {Alcatel-Lucent}
}

@Book{		  shapiro1998information,
  title		= {Information rules: a strategic guide to the network
		  economy},
  author	= {Shapiro, Carl and Varian, Hal R},
  year		= {1998},
  publisher	= {Harvard Business Press}
}

@Article{	  sheehan2002toward,
  title		= {Toward a typology of Internet users and online privacy
		  concerns},
  author	= {Sheehan, Kim Bartel},
  journal	= {The Information Society},
  volume	= {18},
  number	= {1},
  pages		= {21--32},
  year		= {2002},
  publisher	= {Taylor \& Francis}
}

@InProceedings{	  shih2010towards,
  title		= {Towards supporting contextual privacy in body sensor
		  networks for health monitoring service},
  author	= {Shih, Fuming and Zhang, Mi},
  booktitle	= {W3C Workshop on Privacy and data usage control},
  volume	= {4},
  number	= {05},
  year		= {2010}
}

@InProceedings{	  shih2015privacy,
  title		= {Privacy tipping points in smartphones privacy
		  preferences},
  author	= {Shih, Fuming and Liccardi, Ilaria and Weitzner, Daniel},
  booktitle	= {Proceedings of the 33rd Annual ACM Conference on Human
		  Factors in Computing Systems},
  pages		= {807--816},
  year		= {2015},
  organization	= {ACM}
}

@InProceedings{	  shvartzshnaider2016learning,
  title		= {Learning privacy expectations by crowdsourcing contextual
		  informational norms},
  author	= {Shvartzshnaider, Yan and Tong, Schrasing and Wies, Thomas
		  and Kift, Paula and Nissenbaum, Helen and Subramanian,
		  Lakshminarayanan and Mittal, Prateek},
  booktitle	= {Proceedings of the 4th AAAI Conference on Human
		  Computation and Crowdsourcing (HCOMP'16)},
  year		= {2016}
}

@InProceedings{	  shvartzshnaider2016learning,
  title		= {Learning privacy expectations by crowdsourcing contextual
		  informational norms},
  author	= {Shvartzshnaider, Yan and Tong, Schrasing and Wies, Thomas
		  and Kift, Paula and Nissenbaum, Helen and Subramanian,
		  Lakshminarayanan and Mittal, Prateek},
  booktitle	= {Fourth AAAI Conference on Human Computation and
		  Crowdsourcing},
  year		= {2016}
}

@Article{	  solove2005taxonomy,
  title		= {A taxonomy of privacy},
  author	= {Solove, Daniel J},
  journal	= {U. Pa. L. Rev.},
  volume	= {154},
  pages		= {477},
  year		= {2005},
  publisher	= {HeinOnline}
}

@Article{	  stigler1980introduction,
  title		= {An introduction to privacy in economics and politics},
  author	= {Stigler, George J},
  journal	= {The Journal of Legal Studies},
  volume	= {9},
  number	= {4},
  pages		= {623--644},
  year		= {1980},
  publisher	= {The University of Chicago Law School}
}

@Article{	  strandburg2013free,
  title		= {Free fall: The online market's consumer preference
		  disconnect},
  author	= {Strandburg, Katherine J},
  year		= {2013}
}

@InProceedings{	  tierney2014realizing,
  title		= {Realizing privacy by definition in social networks},
  author	= {Tierney, Matt and Subramanian, Lakshminarayanan},
  booktitle	= {Proceedings of 5th Asia-Pacific Workshop on Systems},
  pages		= {6},
  year		= {2014},
  organization	= {ACM}
}

@InProceedings{	  tschantz2012formalizing,
  title		= {Formalizing and enforcing purpose restrictions in privacy
		  policies},
  author	= {Tschantz, Michael Carl and Datta, Anupam and Wing,
		  Jeannette M},
  booktitle	= {Security and Privacy (SP), 2012 IEEE Symposium on},
  pages		= {176--190},
  year		= {2012},
  organization	= {IEEE}
}

@InProceedings{	  tschantz2012formalizing,
  title		= {Formalizing and enforcing purpose restrictions in privacy
		  policies},
  author	= {Tschantz, Michael Carl and Datta, Anupam and Wing,
		  Jeannette M},
  booktitle	= {Security and Privacy (SP), 2012 IEEE Symposium on},
  pages		= {176--190},
  year		= {2012},
  organization	= {IEEE}
}

@InCollection{	  tumer2004survey,
  title		= {A survey of collectives},
  author	= {Tumer, Kagan and Wolpert, David},
  booktitle	= {Collectives and the design of complex systems},
  pages		= {1--42},
  year		= {2004},
  publisher	= {Springer}
}

@InCollection{	  tumer2004survey,
  title		= {A survey of collectives},
  author	= {Tumer, Kagan and Wolpert, David},
  booktitle	= {Collectives and the design of complex systems},
  pages		= {1--42},
  year		= {2004},
  publisher	= {Springer}
}

@Article{	  urban2014privacy,
  title		= {The privacy pragmatic as privacy vulnerable},
  author	= {Urban, Jennifer M and Hoofnagle, Chris Jay},
  year		= {2014}
}

@Article{	  varian2001economics,
  title		= {Economics of information technology},
  author	= {Varian, Hal R},
  journal	= {University of California, Berkeley},
  year		= {2001}
}

@TechReport{	  wathieu2009empirical,
  title		= {An empirical approach to understanding privacy concerns},
  author	= {Wathieu, Luc and Friedman, Allan},
  year		= {2009},
  institution	= {ESMT Working Paper}
}

@Article{	  watts2017should,
  title		= {Should social science be more solution-oriented?},
  author	= {Watts, Duncan J},
  journal	= {Nature Human Behaviour},
  volume	= {1},
  pages		= {0015},
  year		= {2017},
  publisher	= {Nature Publishing Group}
}

@Article{	  watts2017should,
  title		= {Should social science be more solution-oriented?},
  author	= {Watts, Duncan J},
  journal	= {Nature Human Behaviour},
  volume	= {1},
  pages		= {0015},
  year		= {2017},
  publisher	= {Nature Publishing Group}
}

@Misc{		  wef2012rethinking,
  optkey	= {},
  author	= {World Economic Forum},
  title		= {Rethinking Personal Data: A New Lens for Strengthening
		  Trust},
  opthowpublished={},
  optmonth	= {},
  year		= {2012},
  optnote	= {},
  optannote	= {}
}

@InProceedings{	  wijesekera2015android,
  title		= {Android Permissions Remystified: A Field Study on
		  Contextual Integrity.},
  author	= {Wijesekera, Primal and Baokar, Arjun and Hosseini, Ashkan
		  and Egelman, Serge and Wagner, David and Beznosov,
		  Konstantin},
  booktitle	= {USENIX Security Symposium},
  pages		= {499--514},
  year		= {2015}
}

@Article{	  wolpert2001optimal,
  title		= {Optimal payoff functions for members of collectives},
  author	= {Wolpert, David H and Tumer, Kagan},
  journal	= {Advances in Complex Systems},
  volume	= {4},
  number	= {02n03},
  pages		= {265--279},
  year		= {2001},
  publisher	= {World Scientific}
}

@Article{	  wolpert2001optimal,
  title		= {Optimal payoff functions for members of collectives},
  author	= {Wolpert, David H and Tumer, Kagan},
  journal	= {Advances in Complex Systems},
  volume	= {4},
  number	= {02n03},
  pages		= {265--279},
  year		= {2001},
  publisher	= {World Scientific}
}

@InProceedings{	  zhang2013no,
  title		= {No surprises: measuring intrusiveness of smartphone
		  applications by detecting objective context deviations},
  author	= {Zhang, Frances and Shih, Fuming and Weitzner, Daniel},
  booktitle	= {Proceedings of the 12th ACM workshop on Workshop on
		  privacy in the electronic society},
  pages		= {291--296},
  year		= {2013},
  organization	= {ACM}
}
